@online{us3,
  title = {Versuch US3:Dopplersonsographie},
  urldate = "2018-05-14",
  url ="http://129.217.224.2/HOMEPAGE/PHYSIKER/BACHELOR/AP/SKRIPT/DopplerSonogr.pdf"
}
